@STRING{ACP = {Atmos.\ Chem.\ Phys.}}

@STRING{BAMS = {Bull.\ Amer.\ Meteor.\ Soc.}}

@STRING{BLM = {Bound.-Layer Meteor.}}

@STRING{GMD = {Geosci.\ Model Dev.}}

@STRING{GRL = {Geophys.\ Res.\ Lett.}}

@STRING{JAMES = {J.\ Adv.\ Model. Earth Syst.}}

@STRING{JAS = {J.\ Atmos.\ Sci.}}

@STRING{JC = {J.\ Clim.}}

@STRING{JGR = {J.\ Geophys.\ Res.}}

@STRING{MWR = {Mon.\ Wea.\ Rev.}}

@STRING{MZ = {Meteorol. Z.}}

@STRING{QJRMS = {Quart.\ J.\ Roy.\ Meteor.\ Soc.}}

@STRING{JFM = {J.\ Fluid Mech.}}

@STRING{PRL = {Phys.\ Rev.\  Lett.}}

@article{,
title = {{}},
author = {},
volume = {},
number = {},
pages = {},
year = {},
journal = {}
}

@article{bretherton1999,
  title={{A GCSS boundary-layer cloud model intercomparison study of the first ASTEX Lagrangian experiment}},
  author={Bretherton, Christopher S and Krueger, Steven K and Wyant, Matthew C and Bechtold, Peter and Van Meijgaard, Erik and Stevens, Bjorn and Teixeira, Joao},
  journal=bams,
  volume={93},
  number={3},
  pages={341--380},
  year={1999},
  publisher={Springer}
}

@article{ben2009,
  title={Yaml ain't markup language (yaml™) version 1.1},
  author={Ben-Kiki, Oren and Evans, Clark and Ingerson, Brian},
  journal={Working Draft 2008-05},
  volume={11},
  year={2009}
}

@article{bony2017,
  title={{EUREC4A: a field campaign to elucidate the couplings between clouds, convection and circulation}},
  author={Bony, Sandrine and Stevens, Bjorn and Ament, Felix and Bigorre, Sebastien and Chazette, Patrick and Crewell, Susanne and Delano{\"e}, Julien and Emanuel, Kerry and Farrell, David and Flamant, Cyrille and others},
  journal={Surv. Geoph.},
  volume={38},
  number={6},
  pages={1529--1568},
  year={2017},
  publisher={Springer}
}

@article{bony2019,
  title={Measuring area-averaged vertical motions with dropsondes},
  author={Bony, Sandrine and Stevens, Bjorn},
  journal=jas,
  volume={76},
  number={3},
  pages={767--783},
  year={2019}
}

@article{gustafson2020,
  title={{The Large-Eddy Simulation (LES) Atmospheric Radiation Measurement (ARM) Symbiotic Simulation and Observation (LASSO) Activity for Continental Shallow Convection}},
  author={Gustafson Jr, William I and Vogelmann, Andrew M and Li, Zhijin and Cheng, Xiaoping and Dumas, Kyle K and Endo, Satoshi and Johnson, Karen L and Krishna, Bhargavi and Fairless, Tami and Xiao, Heng},
  journal=bams,
  volume={101},
  number={4},
  pages={E462--E479},
  year={2020}
}

@article{hersbach2020,
  title={The ERA5 global reanalysis},
  author={Hersbach, Hans and Bell, Bill and Berrisford, Paul and Hirahara, Shoji and Hor{\'a}nyi, Andr{\'a}s and Mu{\~n}oz-Sabater, Joaqu{\'\i}n and Nicolas, Julien and Peubey, Carole and Radu, Raluca and Schepers, Dinand and others},
  journal=qjrms,
  volume={146},
  number={730},
  pages={1999--2049},
  year={2020},
  publisher={Wiley Online Library}
}

@article{hoyer2017,
  title={xarray: ND labeled arrays and datasets in Python},
  author={Hoyer, Stephan and Hamman, Joe},
  journal={Journal of Open Research Software},
  volume={5},
  number={1},
  year={2017},
  publisher={Ubiquity Press}
}

@article{kurowski2020,
  title={The strong impact of weak horizontal convergence on continental shallow convection},
  author={Kurowski, Marcin J and Grabowski, Wojciech W and Suselj, Kay and Teixeira, Jo{\~a}o},
  journal=jas,
  volume={77},
  number={9},
  pages={3119--3137},
  year={2020}
}

@article{laar2019,
  title={{Investigating the diurnal evolution of the cloud size distribution of continental cumulus convection using multiday LES}},
  author={van Laar, Thirza W and Schemann, Vera and Neggers, Roel AJ},
  journal=james,
  volume={76},
  number={3},
  pages={729--747},
  year={2019}
}

@article{mohrmann2019,
  title={{Lagrangian evolution of the Northeast Pacific marine boundary layer structure and cloud during CSET}},
  author={Mohrmann, Johannes and Bretherton, Christopher S and McCoy, Isabel L and McGibbon, Jeremy and Wood, Robert and Ghate, Virendra and Albrecht, Bruce and Sarkar, Mampi and Zuidema, Paquita and Palikonda, Rabindra},
  journal=mwr,
  volume={147},
  number={12},
  pages={4681--4700},
  year={2019}
}

@article{neggers2012,
  title={Continuous single-column model evaluation at a permanent meteorological supersite},
  author={Neggers, Roel AJ and Siebesma, APier and Heus, Thijs},
  journal={Bulletin of the American Meteorological Society},
  volume={93},
  number={9},
  pages={1389--1400},
  year={2012},
  publisher={American Meteorological Society}
}

@article{neggers2019,
  title={{Local and Remote Controls on Arctic Mixed-Layer Evolution}},
  author={Neggers, RAJ and Chylik, Jan and Egerer, Ulrike and Griesche, H and Schemann, Vera and Seifert, Patric and Siebert, Holger and Macke, Andreas},
  journal=james,
  volume={11},
  number={7},
  pages={2214--2237},
  year={2019},
  publisher={Wiley Online Library}
}

@book{okken2017,
  title={Python Testing with Pytest: Simple, Rapid, Effective, and Scalable},
  author={Okken, Brian},
  year={2017},
  publisher={Pragmatic Bookshelf}
}

@techreport{petterssen1956,
  title={Weather analysis and forecasting},
  author={Petterssen, Sverre},
  year={1956}
}

@article{raoult2017,
  title={Climate service develops user-friendly data store},
  author={Raoult, Baudouin and Bergeron, Cedric and Al{\'o}s, Angel L{\'o}pez and Th{\'e}paut, Jean-No{\"e}l and Dee, Dick},
  journal={ECMWF newsletter},
  volume={151},
  pages={22--27},
  year={2017}
}

@article{roode2016,
  title={{Large-eddy simulations of EUCLIPSE--GASS Lagrangian stratocumulus-to-cumulus transitions: Mean state, turbulence, and decoupling}},
  author={De Roode, Stephan R and Sandu, Irina and Van Der Dussen, Johan J and Ackerman, Andrew S and Blossey, Peter and Jarecka, Dorota and Lock, Adrian and Siebesma, A Pier and Stevens, Bjorn},
  journal=jas,
  volume={73},
  number={6},
  pages={2485--2508},
  year={2016}
}

@article{schalkwijk2015,
  title={{A year-long large-eddy simulation of the weather over Cabauw: An overview}},
  author={Schalkwijk, Jer{\^o}me and Jonker, Harmen JJ and Siebesma, A Pier and Bosveld, Fred C},
  journal=mwr,
  volume={143},
  number={3},
  pages={828--844},
  year={2015}
}

@article{smalley2019,
  title={A novel framework for evaluating and improving parameterized subtropical marine boundary layer cloudiness},
  author={Smalley, Mark and Su{\v{s}}elj, Kay and Lebsock, Matthew and Teixeira, Joao},
  journal=mwr,
  volume={147},
  number={9},
  pages={3241--3260},
  year={2019}
}

@article{sprenger2015,
  title={The LAGRANTO Lagrangian analysis tool--version 2.0},
  author={Sprenger, Michael and Wernli, Heini},
  journal=gmd,
  volume={8},
  number={8},
  pages={2569--2586},
  year={2015},
  publisher={Copernicus}
}

@article{stevens2001,
  title={Simulations of trade wind cumuli under a strong inversion},
  author={Stevens, Bjorn and Ackerman, Andrew S and Albrecht, Bruce A and Brown, Andrew R and Chlond, Andreas and Cuxart, Joan and Duynkerke, Peter G and Lewellen, David C and Macvean, Malcolm K and Neggers, Roel AJ and others},
  journal=jas,
  volume={58},
  number={14},
  pages={1870--1891},
  year={2001}
}

@article{tomassini2017,
  title={{The “Grey Zone” cold air outbreak global model intercomparison: A cross evaluation using large-eddy simulations}},
  author={Tomassini, Lorenzo and Field, Paul R and Honnert, Rachel and Malardel, Sylvie and McTaggart-Cowan, Ron and Saitou, Kei and Noda, Akira T and Seifert, Axel},
  journal=james,
  volume={9},
  number={1},
  pages={39--64},
  year={2017},
  publisher={Wiley Online Library}
}

@article{yamaguchi2012,
  title={{Large-eddy simulation of cloudy boundary layer with the Advanced Research WRF model}},
  author={Yamaguchi, Takanobu and Feingold, Graham},
  journal=james,
  volume={4},
  number={3},
  year={2012},
  publisher={Wiley Online Library}
}
